<?xml version="1.0" encoding="UTF-8"?><collection xmlns="http://www.loc.gov/MARC21/slim"><record><leader>00406nam--2200133-i-4500</leader><controlfield tag="001">000008642</controlfield><controlfield tag="002">20161230</controlfield><controlfield tag="005">20161230201027</controlfield><controlfield tag="008">060222s1000------------r-----000-0-eng-d</controlfield><datafield ind1=" " ind2=" " tag="080"><subfield code="a">681.3.06:539.1.07</subfield></datafield><datafield ind1=" " ind2=" " tag="100"><subfield code="a">Bock, R.K</subfield></datafield><datafield ind1=" " ind2=" " tag="245"><subfield code="a">Programming methods in the analysis of chamber data</subfield></datafield><datafield ind1=" " ind2=" " tag="260"><subfield code="a">Herceg Novi, Ecole Internationale De La Phy Sique Des Particules Elementairees, 1968. 40 P</subfield></datafield><datafield ind1=" " ind2=" " tag="852"><subfield code="a">29418</subfield></datafield></record></collection>